%% This BibTeX bibliography file was created using BibDesk.
%% https://bibdesk.sourceforge.io/

%% Created for 津村周作 at 2023-02-01 07:26:16 +0900 


%% Saved with string encoding Unicode (UTF-8) 



@article{LeadGlass_SF5,
	author = {T.Ishikawa},
	date-added = {2023-02-01 05:08:39 +0900},
	date-modified = {2023-02-01 05:09:51 +0900},
	journal = {Nuclear Instruments and Methods in Physics Research A 832 (2016) 108--143},
	title = {The FOREST detector for meson photoproduction experiments at ELPH},
	year = {2016}}

@article{PDG_Cal,
	author = {M. Tanabashi},
	date-added = {2023-01-31 17:57:12 +0900},
	date-modified = {2023-01-31 17:59:35 +0900},
	journal = {Phys.Rev. D98, 030001},
	title = {Particle Data Group - 34. Particle Detectors at Accelerators},
	year = {2018 and 2019 update}}

@article{PDG_Interaction,
	author = {D.E.Groom},
	date-added = {2023-01-31 17:54:24 +0900},
	date-modified = {2023-01-31 17:55:49 +0900},
	journal = {Phys.2022,083C01},
	title = {Particle Data Group - 34. Passage of Particles Through Matter},
	year = {2022}}

@article{Snowmass,
	author = {ILC International Development Team And The ILC Community},
	date-added = {2023-01-31 17:18:59 +0900},
	date-modified = {2023-01-31 17:20:35 +0900},
	journal = {arxiv:2203},
	title = {The International Linear Collider : Report to Snowmass 2021},
	year = {2022}}

@article{SY3,
	author = {Nao HIGASHI},
	date-added = {2023-01-30 06:38:22 +0900},
	date-modified = {2023-01-30 06:39:26 +0900},
	journal = {https://www.pasj.jp/kaishi/cgi-bin/kasokuki.cgi?articles%2F14%2Fp134-141.pdf},
	title = {PF-AR 直接入射路の建設と運転},
	year = {2017}}

@article{SuperKEKB_line,
	author = {Y.Suetsugu},
	date-added = {2023-01-29 22:57:45 +0900},
	date-modified = {2023-01-29 22:58:42 +0900},
	journal = {http://accwww2.kek.jp/oho/oho19/OHO19_txt/01_Suetsugu_Yusuke.pdf},
	title = {SuperKEKBの概要},
	year = {2019}}

@article{KEKB,
	author = {IRIE KOKEN CO.LTD},
	date-added = {2023-01-29 22:21:25 +0900},
	date-modified = {2023-01-29 22:23:14 +0900},
	journal = {https://www.ikc.co.jp/prom/column/006/},
	title = {SuperKEKBメインリングのコリメータ}}

@book{HEPDetector,
	author = {W.R.Leo},
	date-added = {2023-01-23 19:16:09 +0900},
	date-modified = {2023-01-23 19:18:13 +0900},
	publisher = {Springer-Verlag},
	title = {Techniques for Nucluear and Particle Physics Experiments},
	year = {1994}}

@book{ParticlePhysics,
	author = {B.R.Martin},
	date-added = {2023-01-23 17:23:52 +0900},
	date-modified = {2023-01-23 17:25:36 +0900},
	publisher = {John Wiley & Sons, Ltd},
	title = {Particle Physics Fourth Edition},
	year = {2017}}

@article{totalAbsorptionCalorimeter,
	author = {H.Sunaga},
	date-added = {2023-01-21 10:19:11 +0900},
	date-modified = {2023-01-21 10:20:41 +0900},
	journal = {Radiat.Phys.Chem Vol.46 No.4-6 pp.1283-1286,1995},
	title = {A Total Absorption Calorimeter for Medium-energy enectron beam calibration},
	year = {1995}}

@article{CalorimeterInHEP,
	author = {J. -B. Sauvan},
	date-added = {2023-01-17 05:29:17 +0900},
	date-modified = {2023-01-17 05:30:35 +0900},
	journal = {https://indico.cern.ch/event/855973/contributions/3602188/attachments/1979913/3296643/calorimetry_sauvan_esipap2020.pdf},
	title = {Calorimetry in HEP From concepts to experiments},
	year = {2020}}

@article{TeVPhysics_LHC,
	author = {岡田安弘},
	date-added = {2023-01-17 04:59:42 +0900},
	date-modified = {2023-01-17 05:00:32 +0900},
	journal = {http://www.icepp.s.u-tokyo.ac.jp/hecsubc/files/slides/091107_okada.pdf},
	title = {TeVスケール物理に対するb,c,τの役割},
	year = {2009}}

@article{TeVPhysics,
	author = {S.Chakdar},
	date-added = {2023-01-17 04:55:52 +0900},
	date-modified = {2023-01-17 04:58:42 +0900},
	journal = {arXiv:1604.07358},
	title = {New Physics at the TeV scale},
	year = {2016}}

@article{SUSY,
	author = {Y. Shadmi},
	date-added = {2023-01-17 04:54:32 +0900},
	date-modified = {2023-01-17 04:55:26 +0900},
	journal = {arXiv:1708.00772},
	title = {Introduction to Supersymmetry},
	year = {2017}}

@article{GravNet_Object,
	author = {J. Kieseler},
	date-added = {2023-01-08 23:58:19 +0900},
	date-modified = {2023-01-08 23:59:00 +0900},
	journal = {Eur. Phys. J. C 80:886},
	title = {Object condensation: one-stage grid-free multi-object reconstruction in physics detectors, graph, and image data},
	year = {2020}}

@article{GravNet_CMS,
	author = {S.Qasim},
	date-added = {2023-01-08 23:56:21 +0900},
	date-modified = {2023-01-08 23:58:11 +0900},
	journal = {arXiv:2106.01832},
	title = {Multi-particle reconstruction in the High Granularity Calorimeter using object condensation and graph neural networks},
	year = {2021}}

@article{GravNet,
	author = {S. Quasim},
	date-added = {2023-01-08 23:55:10 +0900},
	date-modified = {2023-01-08 23:58:17 +0900},
	journal = {Eur. Phys. J. C 79:608},
	title = {Learning representations of irregular particle-detector geometry with distance-weighted graph networks},
	year = {2019}}

@article{KEKB_TDR,
	author = {National Laboratory for High Energy Physics},
	date-added = {2023-01-08 23:40:03 +0900},
	date-modified = {2023-01-08 23:41:50 +0900},
	journal = {KEK Report 95-7 August 1995 A},
	title = {KEKB B-Factory Design Report},
	year = {1995}}

@article{KEKLinac_SuperKEKB,
	author = {K.Akai},
	date-added = {2023-01-08 23:36:32 +0900},
	date-modified = {2023-01-08 23:38:46 +0900},
	journal = {arXiv:1809.01958},
	title = {SuperKEKB Collider},
	year = {2018}}

@article{KEKLinac,
	author = {K.Furukawa},
	date-added = {2023-01-08 23:35:05 +0900},
	date-modified = {2023-01-08 23:35:46 +0900},
	journal = {arXiv:2207.01192},
	title = {Achievement of 200,000 hours of operation at KEK 7-GeV electron 4-GeV positron injector linac},
	year = {2022}}

@article{GraphNeuralNetworkSurvey,
	author = {Zonghan Wu},
	date-added = {2023-01-08 23:29:17 +0900},
	date-modified = {2023-01-08 23:30:11 +0900},
	journal = {arXiv:1901.00596},
	title = {A Comprehensive Survey on Graph Neural Networks},
	year = {2019}}

@article{GraphNeuralNetwork,
	author = {Jie Zhou},
	date-added = {2023-01-08 21:51:48 +0900},
	date-modified = {2023-01-08 21:52:30 +0900},
	journal = {AI Open 1 (2020) 57--81},
	title = {Graph neural networks: A review of methods and applications},
	year = {2020}}

@article{LeadGlass,
	author = {T.Sumiyoshi},
	date-added = {2023-01-07 15:17:11 +0900},
	date-modified = {2023-01-31 19:31:49 +0900},
	journal = {Nuclear Instruments and Methods in Physics Research A271},
	title = {Performance of the VENUS lead-glass calorimeter at TRISTAN},
	year = {1988}}

@article{PFATest,
	author = {F.Sefkow},
	date-added = {2023-01-07 13:56:41 +0900},
	date-modified = {2023-01-07 13:57:31 +0900},
	journal = {arXiv:1507.05893},
	title = {Experimental Tests of Particle Flow Calorimetry},
	year = {2015}}

@article{ILCSoftware,
	author = {A. Miyamoto},
	date-added = {2023-01-06 17:46:42 +0900},
	date-modified = {2023-01-06 17:59:10 +0900},
	journal = {https://kds.kek.jp/event/37644/timetable/},
	title = {ILC Physics and Software Tutorial 2021 Part1},
	year = {2021}}

@article{PandoraPFA,
	author = {M. A. Thomson},
	date-added = {2023-01-06 17:45:17 +0900},
	date-modified = {2023-01-06 17:46:39 +0900},
	journal = {arXiv:0907.3577},
	title = {Particle Flow Calorimetry and the PandoraPFA Algorithm},
	year = {2009}}

@article{ILCPhysics,
	author = {H. Baer, T. Barklow, K.Fujii et al.},
	date-added = {2022-12-30 22:14:55 +0900},
	date-modified = {2022-12-30 22:31:41 +0900},
	journal = {arxiv:1306.6352},
	title = {The International Linear Collider Technical Design Report Volume 2},
	year = {2013}}

@article{EBES,
	author = {A. Ishikawa},
	date-added = {2022-12-30 15:07:50 +0900},
	date-modified = {2023-01-31 00:08:30 +0900},
	journal = {arXiv:2107.06431v2},
	title = {Search for axion-like particles with electron and positron beams at KEK Linac},
	year = {2021}}

@article{Axion1,
	author = {Luca Di Luzio},
	date-added = {2022-12-30 14:12:46 +0900},
	date-modified = {2022-12-30 14:14:19 +0900},
	journal = {Arxiv:2003.01100},
	title = {The landscape of QCD axion models},
	year = {2020}}

@article{Axion,
	author = {Jaeckel},
	date-added = {2022-12-28 18:47:13 +0900},
	date-modified = {2022-12-30 14:18:03 +0900},
	journal = {arXiv:2203.14923v2},
	rating = {1},
	title = {Snowmass 2021 White Paper Axion Dark Matter},
	year = {2022}}

@misc{StandardModel,
	author = {KEKホームページ},
	date-added = {2022-12-26 18:00:40 +0900},
	date-modified = {2022-12-30 21:23:07 +0900},
	journal = {StandardModel},
	publisher = {KEK},
	title = {https://www.kek.jp/ja/},
	urldate = {2022/12/26},
	year = {2022},
	bdsk-url-1 = {https://www.kek.jp/ja/}}
