%% This BibTeX bibliography file was created using BibDesk.
%% https://bibdesk.sourceforge.io/

%% Created for 津村周作 at 2023-02-01 07:29:38 +0900 


%% Saved with string encoding Unicode (UTF-8) 



@article{FOREST,
	author = {T.Ishikawa},
	date-added = {2023-02-01 07:28:36 +0900},
	date-modified = {2023-02-01 07:29:32 +0900},
	journal = {Nuclear Instruments and Methods in Physics Research A 832 (2016) 108--143},
	title = {The FOREST detector for meson photoproduction experiments at ELPH},
	year = {2016}}

@book{HEPDetector,
	author = {W.R.Leo},
	date-added = {2023-02-01 07:26:29 +0900},
	date-modified = {2023-02-01 07:26:29 +0900},
	publisher = {Springer-Verlag},
	title = {Techniques for Nucluear and Particle Physics Experiments},
	year = {1994}}

@article{LeadGlass,
	author = {T.Sumiyoshi},
	date-added = {2023-02-01 04:50:37 +0900},
	date-modified = {2023-02-01 04:50:37 +0900},
	journal = {Nuclear Instruments and Methods in Physics Research A271},
	title = {Performance of the VENUS lead-glass calorimeter at TRISTAN},
	year = {1988}}

@article{PDG_Cal,
	author = {M. Tanabashi},
	date-added = {2023-01-31 17:59:40 +0900},
	date-modified = {2023-01-31 17:59:40 +0900},
	journal = {Phys.Rev. D98, 030001},
	title = {Particle Data Group - 34. Particle Detectors at Accelerators},
	year = {2018 and 2019 update}}

@article{PDG_Interaction,
	author = {D.E.Groom},
	date-added = {2023-01-31 17:56:02 +0900},
	date-modified = {2023-01-31 17:56:02 +0900},
	journal = {Phys.2022,083C01},
	title = {Particle Data Group - 34. Passage of Particles Through Matter},
	year = {2022}}

@article{Snowmass,
	author = {ILC International Development¥ Team And The ILC Community},
	date-added = {2023-01-31 17:20:38 +0900},
	date-modified = {2023-01-31 19:34:26 +0900},
	journal = {arxiv:2203},
	title = {The International Linear Collider : Report to Snowmass 2021},
	year = {2022}}

@article{PFATest,
	author = {F.Sefkow},
	date-added = {2023-01-31 15:31:22 +0900},
	date-modified = {2023-01-31 15:31:22 +0900},
	journal = {arXiv:1507.05893},
	title = {Experimental Tests of Particle Flow Calorimetry},
	year = {2015}}

@article{ILCSoftware,
	author = {A. Miyamoto},
	date-added = {2023-01-06 17:46:42 +0900},
	date-modified = {2023-01-31 19:32:33 +0900},
	journal = {https://kds.kek.jp/event/37644/timetable/},
	title = {ILC&Physics and&Software&Tutorial 2021&Part1},
	year = {2021}}

@article{PandoraPFA,
	author = {M. A. Thomson et.al},
	date-added = {2023-01-06 17:45:17 +0900},
	date-modified = {2023-02-01 03:37:12 +0900},
	journal = {arXiv:0907.3577},
	title = {Particle Flow Calorimetry and the PandoraPFA Algorithm},
	year = {2009}}

@article{ILCPhysics,
	author = {H. Baer, T. Barklow, K.Fujii et al.},
	date-added = {2022-12-30 22:14:55 +0900},
	date-modified = {2022-12-30 22:31:41 +0900},
	journal = {arxiv:1306.6352},
	title = {The International Linear Collider Technical Design Report Volume 2},
	year = {2013}}

@article{EBES,
	author = {A. Ishikawa},
	date-added = {2022-12-30 15:07:50 +0900},
	date-modified = {2022-12-30 18:14:33 +0900},
	journal = {arXiv:2107.06431v2},
	title = {Search for axion-like particles with electron and positron beams at KEK Linac},
	year = {2021}}

@article{Axion1,
	author = {Luca Di Luzio},
	date-added = {2022-12-30 14:12:46 +0900},
	date-modified = {2023-01-31 19:36:09 +0900},
	journal = {Arxiv:2003.01100},
	title = {The landscape of QCD axion models},
	year = {2020}}

@article{Axion,
	author = {Jaeckel},
	date-added = {2022-12-28 18:47:13 +0900},
	date-modified = {2022-12-30 14:18:03 +0900},
	journal = {arXiv:2203.14923v2},
	rating = {1},
	title = {Snowmass 2021 White Paper Axion Dark Matter},
	year = {2022}}

@misc{StandardModel,
	author = {KEKホームページ},
	date-added = {2022-12-26 18:00:40 +0900},
	date-modified = {2022-12-30 21:23:07 +0900},
	journal = {StandardModel},
	publisher = {KEK},
	title = {https://www.kek.jp/ja/},
	urldate = {2022/12/26},
	year = {2022},
	bdsk-url-1 = {https://www.kek.jp/ja/}}
