%% This BibTeX bibliography file was created using BibDesk.
%% https://bibdesk.sourceforge.io/

%% Created for 津村周作 at 2023-02-20 07:31:52 +0900 


%% Saved with string encoding Unicode (UTF-8) 



@article{FOREST,
	author = {Ishikawa, T. and others},
	doi = {10.1016/j.nima.2016.06.054},
	journal = {Nucl. Instrum. Meth. A},
	pages = {108--143},
	title = {{The FOREST detector for meson photoproduction experiments at ELPH}},
	volume = {832},
	year = {2016},
	bdsk-url-1 = {https://doi.org/10.1016/j.nima.2016.06.054}}

@book{HEPDetector,
	author = {W. R. Leo},
	date-added = {2023-02-01 07:26:29 +0900},
	date-modified = {2023-02-20 07:31:49 +0900},
	publisher = {Springer-Verlag},
	title = {Techniques for Nucluear and Particle Physics Experiments},
	year = {1994}}

@article{LeadGlass,
	author = {T. Sumiyoshi and K. Hayashi and K. Ogawa and F. Takasaki and J. Haba and T. Kamitani and N. Kanematsu and H. Osabe and S. Sugimoto and T. Yamashita and M. Sakano and H. Yoshida and K. Shino},
	date-added = {2023-02-01 04:50:37 +0900},
	date-modified = {2023-02-20 07:28:15 +0900},
	journal = {Nuclear Instruments and Methods in Physics Research A271},
	title = {Performance of the VENUS lead-glass calorimeter at TRISTAN},
	year = {1988}}

@article{PDG_Cal,
	author = {M. Tanabashi},
	date-added = {2023-01-31 17:59:40 +0900},
	date-modified = {2023-01-31 17:59:40 +0900},
	journal = {Phys.Rev. D98, 030001},
	title = {Particle Data Group - 34. Particle Detectors at Accelerators},
	year = {2018 and 2019 update}}

@article{PDG_Interaction,
	author = {D. E. Groom},
	date-added = {2023-01-31 17:56:02 +0900},
	date-modified = {2023-01-31 17:56:02 +0900},
	journal = {Phys.2022,083C01},
	title = {Particle Data Group - 34. Passage of Particles Through Matter},
	year = {2022}}

@article{Snowmass,
	archiveprefix = {arXiv},
	author = {Aryshev, Alexander and others},
	collaboration = {ILC International Development Team},
	eprint = {2203.07622},
	month = {3},
	primaryclass = {physics.acc-ph},
	reportnumber = {DESY-22-045, IFT-UAM/CSIC-22-028, KEK Preprint 2021-61, IFT--UAM/CSIC--22-028, KEK Preprint 2021-61, PNNL-SA-160884, SLAC-PUB-17662, FERMILAB-FN-1171-PPD-QIS-SCD-TD, PNNL-SA-160884},
	title = {{The International Linear Collider: Report to Snowmass 2021}},
	year = {2022}}

@article{GravNet_Object,
	archiveprefix = {arXiv},
	author = {Kieseler, Jan},
	doi = {10.1140/epjc/s10052-020-08461-2},
	eprint = {2002.03605},
	journal = {Eur. Phys. J. C},
	number = {9},
	pages = {886},
	primaryclass = {physics.data-an},
	title = {{Object condensation: one-stage grid-free multi-object reconstruction in physics detectors, graph and image data}},
	volume = {80},
	year = {2020},
	bdsk-url-1 = {https://doi.org/10.1140/epjc/s10052-020-08461-2}}

@article{GravNet_CMS,
	archiveprefix = {arXiv},
	author = {Qasim, Shah Rukh and Long, Kenneth and Kieseler, Jan and Pierini, Maurizio and Nawaz, Raheel},
	collaboration = {CMS},
	doi = {10.1051/epjconf/202125103072},
	eprint = {2106.01832},
	journal = {EPJ Web Conf.},
	pages = {03072},
	primaryclass = {physics.ins-det},
	title = {{Multi-particle reconstruction in the High Granularity Calorimeter using object condensation and graph neural networks}},
	volume = {251},
	year = {2021},
	bdsk-url-1 = {https://doi.org/10.1051/epjconf/202125103072}}

@article{GravNet,
	archiveprefix = {arXiv},
	author = {Qasim, Shah Rukh and Kieseler, Jan and Iiyama, Yutaro and Pierini, Maurizio},
	doi = {10.1140/epjc/s10052-019-7113-9},
	eprint = {1902.07987},
	journal = {Eur. Phys. J. C},
	number = {7},
	pages = {608},
	primaryclass = {physics.data-an},
	title = {{Learning representations of irregular particle-detector geometry with distance-weighted graph networks}},
	volume = {79},
	year = {2019},
	bdsk-url-1 = {https://doi.org/10.1140/epjc/s10052-019-7113-9}}

@article{PFATest,
	author = {Sefkow, Felix and White, Andy and Kawagoe, Kiyotomo and P\"oschl, Roman and Repond, Jos\'e},
	doi = {10.1103/RevModPhys.88.015003},
	issue = {1},
	journal = {Rev. Mod. Phys.},
	month = {Feb},
	numpages = {53},
	pages = {015003},
	publisher = {American Physical Society},
	title = {Experimental tests of particle flow calorimetry},
	url = {https://link.aps.org/doi/10.1103/RevModPhys.88.015003},
	volume = {88},
	year = {2016},
	bdsk-url-1 = {https://link.aps.org/doi/10.1103/RevModPhys.88.015003},
	bdsk-url-2 = {https://doi.org/10.1103/RevModPhys.88.015003}}

@article{ILCSoftware,
	author = {A. Miyamoto},
	date-added = {2023-01-06 17:46:42 +0900},
	date-modified = {2023-01-31 19:32:33 +0900},
	journal = {https://kds.kek.jp/event/37644/timetable/},
	title = {ILC&Physics and&Software&Tutorial 2021&Part1},
	year = {2021}}

@article{PandoraPFA,
	archiveprefix = {arXiv},
	author = {Thomson, M. A.},
	doi = {10.1016/j.nima.2009.09.009},
	eprint = {0907.3577},
	journal = {Nucl. Instrum. Meth. A},
	pages = {25--40},
	primaryclass = {physics.ins-det},
	reportnumber = {CU-HEP-09-11},
	title = {{Particle Flow Calorimetry and the PandoraPFA Algorithm}},
	volume = {611},
	year = {2009},
	bdsk-url-1 = {https://doi.org/10.1016/j.nima.2009.09.009}}

@article{ILCPhysics,
	author = {H. Baer, T. Barklow, K.Fujii et al.},
	date-added = {2022-12-30 22:14:55 +0900},
	date-modified = {2022-12-30 22:31:41 +0900},
	journal = {arxiv:1306.6352},
	title = {The International Linear Collider Technical Design Report Volume 2},
	year = {2013}}

@article{EBES,
	archiveprefix = {arXiv},
	author = {Ishikawa, Akimasa and Sakaki, Yasuhito and Takubo, Yosuke},
	doi = {10.1093/ptep/ptac129},
	eprint = {2107.06431},
	journal = {PTEP},
	number = {11},
	pages = {113B05},
	primaryclass = {hep-ph},
	title = {{Search for axion-like particles with electron and positron beams at the KEK linac}},
	volume = {2022},
	year = {2022},
	bdsk-url-1 = {https://doi.org/10.1093/ptep/ptac129}}

@article{Axion1,
	archiveprefix = {arXiv},
	author = {Di Luzio, Luca and Giannotti, Maurizio and Nardi, Enrico and Visinelli, Luca},
	doi = {10.1016/j.physrep.2020.06.002},
	eprint = {2003.01100},
	journal = {Phys. Rept.},
	pages = {1--117},
	primaryclass = {hep-ph},
	reportnumber = {DESY 20-036, DESY-20-036},
	title = {{The landscape of QCD axion models}},
	volume = {870},
	year = {2020},
	bdsk-url-1 = {https://doi.org/10.1016/j.physrep.2020.06.002}}

@article{Axion,
	archiveprefix = {arXiv},
	author = {Adams, C. B. and others},
	booktitle = {{2022 Snowmass Summer Study}},
	eprint = {2203.14923},
	month = {3},
	primaryclass = {hep-ex},
	title = {{Axion Dark Matter}},
	year = {2022}}

@misc{StandardModel,
	author = {KEKホームページ},
	date-added = {2022-12-26 18:00:40 +0900},
	date-modified = {2022-12-30 21:23:07 +0900},
	journal = {StandardModel},
	publisher = {KEK},
	title = {https://www.kek.jp/ja/},
	urldate = {2022/12/26},
	year = {2022},
	bdsk-url-1 = {https://www.kek.jp/ja/}}
